@online{polymer,
	author = {Polymer},
	title = {Welcome â€“ Polymer Project},
	date = {2016-03-20},
	url ={https://www.polymer-project.org/}
}

@online{typescript,
	author = {Microsoft},
	title = {TypeScript - JavaScript that scales.},
	date = {2016-03-20},
	url ={http://www.typescriptlang.org/}
}


@online{npm,
	author = {npm, Inc.},
	title = {npm},
	date = {2016-03-23},
	url ={https://www.npmjs.com/}
}

@online{yarn,
	author = {Yarn},
	title = {Yarn},
	date = {2016-03-23},
	url ={https://yarnpkg.com/en/}
}

@online{tslint,
	author = {Palantir Technologies},
	title = {TSLint},
	date = {2016-03-23},
	url ={https://palantir.github.io/tslint/}
}

@online{gulpjs,
	author = {Gulp},
	title = {gulp.js},
	date = {2016-03-23},
	url ={http://gulpjs.com/}
}

@online{webcomponents,
	title = {webcomponents.org},
	date = {2016-03-20},
	url ={https://www.webcomponents.org/}
}

